@comment{x-kbibtex-personnameformatting=<%l><, %f>}

@article{alam2015design,
  author    = {J. Alam and
               P. MK},
  title     = {Design and Analysis of a Two Stage Traffic Light System Using Fuzzy Logic},
  year      = {2015},
  url       = {https://www.longdom.org/open-access/design-and-analysis-of-a-two-stage-traffic-light-system-using-fuzzy-logic-2165-7866-1000162.pdf}
}

@article{stevens2016reinforcement,
  author    = {M. Stevens and
               C. Yeh},
  title     = {Reinforcement Learning for Traffic Optimization},
  year      = {2016},
  url       = {http://cs229.stanford.edu/proj2016spr/report/047.pdf}
}

@article{genders2019opensource,
  author    = {W. Genders and
               S. Razavi},
  title     = {An Open-Source Framework for Adaptive Traffic Signal Control},
  year      = {2019},
  url       = {https://arxiv.org/pdf/1909.00395.pdf}
}

@article{li2016traffic,
  author    = {L. Li and
               Y. Lv and
               F. Wang},
  title     = {Traffic Signal Timing via Deep Reinforcement Learning},
  year      = {2016},
  url       = {https://ieeexplore.ieee.org/stamp/stamp.jsp?arnumber=7508798}
}

@article{gao2017adaptative,
  author    = {J. Gao and
               Y. Shen and
               J. Liu and
               M. Ito and
               N. Shiratori},
  title     = {Adaptive Traffic Signal Control: Deep Reinforcement Learning Algorithm with Experience Replay and Target Network},
  year      = {2017},
  url       = {https://arxiv.org/pdf/1705.02755.pdf}
}

@article{liang2019deep,
  author    = {X. Liang and
               X. Du and 
               G. Wang and
               Z. Han},
  title     = {A Deep Reinforcement Learning Network for Traffic Light Cycle Control},
  year      = {2019},
  url       = {https://ieeexplore.ieee.org/stamp/stamp.jsp?tp=&arnumber=8600382}
}

@article{wei2018intellilight,
  author    = {H. Wei and
               G. Zheng and
               H. Yao and 
               Z. Li},
  title     = {IntelliLight: A Reinforcement Learning Approach for Intelligent Traffic Light Control},
  year      = {2018},
  url       = {https://dl.acm.org/doi/pdf/10.1145/3219819.3220096}
}

@article{vidali2019deep,
  author    = {A. Vidali and 
               L. Crociani and 
               G. Vizzari and
               S. Bandini},
  title     = {A Deep Reinforcement Learning Approach to Adaptive Traffic Lights Management},
  year      = {2019},
  url       = {http://ceur-ws.org/Vol-2404/paper07.pdf}
}

@article{alemzadeh2020adaptative,
  author    = {S. Alemzadeh and
               R. Moslemi and
               R. Sharma and
               M. Mesbahi},
  title     = {Adaptive Traffic Control with Deep Reinforcement Learning: Towards State-of-the-art and Beyond},
  year      = {2020},
  url       = {https://arxiv.org/pdf/2007.10960.pdf}
}

@article{pol2016coordinated,
  author    = {E. Pol and
               F. Oliehoek},
  title     = {Coordinated Deep Reinforcement Learners for Traffic Light Control},
  year      = {2016},
  url       = {http://www.v6.fransoliehoek.net/docs/VanDerPol16LICMAS.pdf}
}

@article{wei2019presslight,
  author    = {H. Wei and
               C. Chen and
               G. Zheng and
               K. Wu and
               V. Gayah and
               K. Xu and
               Z. Li},
  title     = {PressLight: Learning Max Pressure Control to Coordinate Traffic Signals in Arterial Network},
  year      = {2019},
  url       = {http://personal.psu.edu/hzw77/publications/presslight-kdd19.pdf}
}

@article{wei2019colight,
  author    = {H. Wei and
               N. Xu and
               H. Zhang and
               G. Zheng and
               X. Zang and
               C. Chen and
               W. Zhang and
               Y. Zhu and
               K. Xu and
               Z. Li},
  title     = {CoLight: Learning Network-level Cooperation for Traffic Signal Control},
  year      = {2019},
  url       = {http://faculty.ist.psu.edu/jessieli/Publications/2019-CIKM-colight.pdf}
}

@article{chen2020toward,
  author    = {C. Chen and
               H. Wei and
               N. Xu and
               G. Zheng and
               M. Yang and
               Y. Xiong and
               K. Xu and
               Z. Li},
  title     = {Toward A Thousand Lights: Decentralized Deep Reinforcement Learning for Large-Scale Traffic Signal Control},
  year      = {2020},
  url       = {https://ojs.aaai.org/index.php/AAAI/article/view/5744/5600}
}

@article{nguyen2020estimation,
  author    = {C. Nguyen and
               N. Farhi},
  title     = {Estimation of urban traffic state with probe vehicles},
  year      = {2020},
  url       = {https://arxiv.org/pdf/1811.05394.pdf}
}

@article{zhang2020using,
  author    = {R. Zhang and
               A. Ishikawa and
               W. Wang and
               B. Striner and 
               O. Tonguz},
  title     = {Using Reinforcement Learning with Partial VehicleDetection for Intelligent Traffic Signal Control},
  year      = {2020},
  url       = {https://arxiv.org/pdf/1807.01628.pdf}
}

@article{zhang2019partially,
  author    = {R. Zhang and
               R. Leteurtre and
               B. Striner and
               A. Alanazi and 
               A. Alghafis and 
               O. Tonguz},
  title     = {Partially Detected Intelligent Traffic Signal Control: Environmental Adaptation},
  year      = {2019},
  url       = {https://arxiv.org/pdf/1910.10808.pdf}
}

@article{sutton2018reinforcement,
  author    = {R. Sutton and
               A. Barto},
  title     = {Reinforcement Learning: An Introduction (second edition)},
  year      = {2018},
  url       = {http://incompleteideas.net/book/RLbook2020.pdf}
}

@article{hessel2017rainbow,
  author    = {M. Hessel and
               J. Modayil and
               H. Hasselt and
               T. Schaul and
               G. Ostrovski and
               W. Dabney and
               D. Horgan and
               B. Piot and
               M. Azar and 
               D. Silver},
  title     = {Rainbow: Combining Improvements in Deep Reinforcement Learning},
  year      = {2017},
  url       = {https://arxiv.org/pdf/1710.02298.pdf}
}

@article{mnih2013playing,
  author    = {V. Mnih and
               K. Kavukcuoglu and
               D. Silver and
               A. Graves and
               I. Antonoglou and
               D. Wierstra and 
               M. Riedmiller},
  title     = {Playing Atari with Deep Reinforcement Learning},
  year      = {2013},
  url       = {https://arxiv.org/pdf/1312.5602.pdf}
}

@article{mnih2015human,
  author    = {V. Mnih and
               K. Kavukcuoglu and
               D. Silver and
               A. Rusu and
               J. Veness and 
               M. Bellemare and 
               A. Graves and 
               M. Riedmiller and 
               A. Fidjeland and 
               G. Ostrovski and 
               S. Petersen and 
               C. Beattie and 
               A. Sadik and 
               I. Antonoglou and 
               H. King and 
               D. Kumaran and
               D. Wierstra and
               S. Legg and 
               D. Hassabis},
  title     = {Human-level control through deep reinforcement learning},
  year      = {2015},
  url       = {https://web.stanford.edu/class/psych209/Readings/MnihEtAlHassibis15NatureControlDeepRL.pdf}
}

@article{wang2016dueling,
  author    = {Z. Wang and 
               T. Schaul and
               M. Hessel and
               H. Hasselt and
               M. Lanctot and
               N. Freitas},
  title     = {Dueling Network Architectures for Deep Reinforcement Learning},
  year      = {2016},
  url       = {https://arxiv.org/pdf/1511.06581.pdf}
}

@article{hasselt2015deep,
  author    = {H. Hasselt and
               A. Guezand and
               D. Silver},
  title     = {Deep Reinforcement Learning with Double Q-learning},
  year      = {2015},
  url       = {https://arxiv.org/pdf/1509.06461.pdf}
}

@article{lillicrap2019continuous,
  author    = {T. Lillicrap and
               J. Hunt and
               A. Pritzel and
               N. Heess and 
               T. Erez and 
               Y. Tassa and
               D. Silver and 
               D. Wierstra},
  title     = {Continuous Control with Deep Reinforcement Learning},
  year      = {2019},
  url       = {https://arxiv.org/pdf/1509.02971.pdf}
}

@article{kingma2017adam,
  author    = {D. Kingma and
               J. Ba},
  title     = {Adam: A Method for Stochastic Optimization},
  year      = {2017},
  url       = {https://arxiv.org/pdf/1412.6980.pdf}
}

@article{genders2018evaluating,
  author    = {W. Genders and
               S. Razavi},
  title     = {Evaluating reinforcement learning state representations for adaptive traffic signal control},
  year      = {2018},
  url       = {https://www.sciencedirect.com/science/article/pii/S1877050918303582/pdf?md5=f7c89fc22054a24b0b7541772eb4da10&pid=1-s2.0-S1877050918303582-main.pdf}
}

@article{touhbi2017adaptative,
  author    = {S. Touhbi and
               M. Babram and 
               T. Nguyen-Huu and 
               N. Marilleau and 
               M. Hbid and 
               C. Cambier and 
               S. Stinckwich},
  title     = {Adaptive Traffic Signal Control: Exploring Reward Definition For Reinforcement Learning},
  year      = {2017},
  url       = {https://www.sciencedirect.com/science/article/pii/S1877050917309912/pdf?md5=2045e01880ec7708d9a3faff83a2f80d&pid=1-s2.0-S1877050917309912-main.pdf}
}

@article{wei2020survey,
  author    = {H. Wei and
               G. Zheng and
               V. Gayah and
               Z. Li},
  title     = {A Survey on Traffic Signal Control Methods},
  year      = {2020},
  url       = {https://arxiv.org/pdf/1904.08117.pdf}
}

@article{krizhevsky2012imagenet,
  author    = {A. Krizhevsky and
               I. Sutskever and
               G. Hinton},
  title     = {ImageNet Classification with Deep Convolutional Neural Networks},
  year      = {2012},
  url       = {https://papers.nips.cc/paper/2012/file/c399862d3b9d6b76c8436e924a68c45b-Paper.pdf}
}

@article{krajzewicz2012recent,
  author    = {D. Krajzewicz and
               J. Erdmann and 
               M. Behrisch and 
               L. Bieker},
  title     = {Recent Development and Applications of SUMO – Simulation of Urban MObility},
  year      = {2012},
  url       = {https://sumo.dlr.de/pdf/sysmea_v5_n34_2012_4.pdf}
}

@article{kheterpal2018flow,
  author    = {N. Kheterpal and
               K. Parvate and
               C. Wu and
               A. Kreidieh and
               E. Vinitsky and
               A. Bayen},
  title     = {Flow: Deep Reinforcement Learning for Control in SUMO},
  year      = {2018},
  url       = {https://flow-project.github.io/papers/Flow_Deep_Reinforcement_Learning_for_Control_in_SUMO.pdf}
}

@article{varaiya2013max,
  author    = {P. Varaiya},
  title     = {Max pressure control of a network of signalized intersections},
  year      = {2013},
  url       = {https://www.researchgate.net/publication/259138901_Max_pressure_control_of_a_network_of_signalized_intersections}
}

@article{gershenson2004self,
  author    = {C. Gershenson},
  title     = {Self-Organizing Traffic Lights},
  year      = {2004},
  url       = {https://arxiv.org/pdf/nlin/0411066.pdf}
}

@article{placzek2014self,
  author    = {B. Placzek},
  title     = {A self-organizingsystem for urbantraffic control based on predictive interval microscopic model},
  year      = {2014},
  url       = {https://arxiv.org/pdf/1406.1128.pdf}
}

A self-organizingsystem forurbantrafficcontrolbased onpredictive interval microscopic model

@article{Codeca2015luxembourg,
  author    = {L. Codeca and
               R. Frank and
               T. Engel},
  title     = {Luxembourg SUMO Traffic (LuST) Scenario: 24 Hours of Mobility for Vehicular Networking Research},
  year      = {2015},
  url       = {https://asset-pdf.scinapse.io/prod/2221980827/2221980827.pdf}
}
